@Article{macosko2015highly,
    Author="Macosko, E. Z.  and Basu, A.  and Satija, R.  and Nemesh, J.  and Shekhar, K.  and Goldman, M.  and Tirosh, I.  and Bialas, A. R.  and Kamitaki, N.  and Martersteck, E. M.  and Trombetta, J. J.  and Weitz, D. A.  and Sanes, J. R.  and Shalek, A. K.  and Regev, A.  and McCarroll, S. A. ",
    Title="{{H}ighly {P}arallel {G}enome-wide {E}xpression {P}rofiling of {I}ndividual {C}ells {U}sing {N}anoliter {D}roplets}",
    Journal="Cell",
    Year="2015",
    Volume="161",
    Number="5",
    Pages="1202--1214",
    Month="May"
}

@Article{klein2015droplet,
    Author="Klein, A. M.  and Mazutis, L.  and Akartuna, I.  and Tallapragada, N.  and Veres, A.  and Li, V.  and Peshkin, L.  and Weitz, D. A.  and Kirschner, M. W. ",
    Title="{{D}roplet barcoding for single-cell transcriptomics applied to embryonic stem cells}",
    Journal="Cell",
    Year="2015",
    Volume="161",
    Number="5",
    Pages="1187--1201",
    Month="May"
}

@Article{zheng2017massively,
    Author="Zheng, G. X.  and Terry, J. M.  and Belgrader, P.  and Ryvkin, P.  and Bent, Z. W.  and Wilson, R.  and Ziraldo, S. B.  and Wheeler, T. D.  and McDermott, G. P.  and Zhu, J.  and Gregory, M. T.  and Shuga, J.  and Montesclaros, L.  and Underwood, J. G.  and Masquelier, D. A.  and Nishimura, S. Y.  and Schnall-Levin, M.  and Wyatt, P. W.  and Hindson, C. M.  and Bharadwaj, R.  and Wong, A.  and Ness, K. D.  and Beppu, L. W.  and Deeg, H. J.  and McFarland, C.  and Loeb, K. R.  and Valente, W. J.  and Ericson, N. G.  and Stevens, E. A.  and Radich, J. P.  and Mikkelsen, T. S.  and Hindson, B. J.  and Bielas, J. H. ",
    Title="{{M}assively parallel digital transcriptional profiling of single cells}",
    Journal="Nat Commun",
    Year="2017",
    Volume="8",
    Pages="14049",
    Month="Jan"
}

@article{regev2017human,
    author = {Regev, A. and Teichmann, S. and Lander, E. S. and Amit, I. and Benoist, C. and Birney, E. and Bodenmiller, B. and Campbell, P. and Carninci, P. and Clatworthy, M. and Clevers, H. and Deplancke, B. and Dunham, I. and Eberwine, J. and Eils, R. and Enard, W. and Farmer, A. and Fugger, L. and Gottgens, B. and Hacohen, N. and Haniffa, M. and Hemberg, M. and Kim, S. K. and Klenerman, P. and Kriegstein, A. and Lein, E. and Linnarsson, S. and Lundeberg, J. and Majumder, P. and Marioni, J. and Merad, M. and Mhlanga, M. and Nawijn, M. and Netea, M. and Nolan, G. and Pe{\textquoteright}er, D. and Philipakis, A. and Ponting, C. P. and Quake, S. R. and Reik, W. and Rozenblatt-Rosen, O. and Sanes, J. R. and Satija, R. and Shumacher, T. and Shalek, A. K. and Shapiro, E. and Sharma, P. and Shin, J. and Stegle, O. and Stratton, M. and Stubbington, M. J. T. and van Oudenaarden, A. and Wagner, A. and Watt, F. M. and Weissman, J. S. and Wold, B. and Xavier, R. J. and Yosef, N.},
    title = {The Human Cell Atlas},
    year = {2017},
    doi = {10.1101/121202},
    publisher = {Cold Spring Harbor Labs Journals},
    journal = {bioRxiv}
}

@Article{buenrostro2015single,
    Author="Buenrostro, J. D.  and Wu, B.  and Litzenburger, U. M.  and Ruff, D.  and Gonzales, M. L.  and Snyder, M. P.  and Chang, H. Y.  and Greenleaf, W. J. ",
    Title="{{S}ingle-cell chromatin accessibility reveals principles of regulatory variation}",
    Journal="Nature",
    Year="2015",
    Volume="523",
    Number="7561",
    Pages="486--490",
    Month="Jul"
}

@Article{smallwood2014single,
    Author="Smallwood, S. A.  and Lee, H. J.  and Angermueller, C.  and Krueger, F.  and Saadeh, H.  and Peat, J.  and Andrews, S. R.  and Stegle, O.  and Reik, W.  and Kelsey, G. ",
    Title="{{S}ingle-cell genome-wide bisulfite sequencing for assessing epigenetic heterogeneity}",
    Journal="Nat. Methods",
    Year="2014",
    Volume="11",
    Number="8",
    Pages="817--820",
    Month="Aug"
}

@Manual{R,
    title = {R: A Language and Environment for Statistical Computing},
    author = {{R Core Team}},
    organization = {R Foundation for Statistical Computing},
    address = {Vienna, Austria},
    year = {2017},
    url = {https://www.R-project.org/}
}



@Article{huber2015orchestrating,
    Author="Huber, W.  and Carey, V. J.  and Gentleman, R.  and Anders, S.  and Carlson, M.  and Carvalho, B. S.  and Bravo, H. C.  and Davis, S.  and Gatto, L.  and Girke, T.  and Gottardo, R.  and Hahne, F.  and Hansen, K. D.  and Irizarry, R. A.  and Lawrence, M.  and Love, M. I.  and MacDonald, J.  and Obenchain, V.  and Ole?, A. K.  and Pages, H.  and Reyes, A.  and Shannon, P.  and Smyth, G. K.  and Tenenbaum, D.  and Waldron, L.  and Morgan, M. ",
    Title="{{O}rchestrating high-throughput genomic analysis with {B}ioconductor}",
    Journal="Nat. Methods",
    Year="2015",
    Volume="12",
    Number="2",
    Pages="115--121",
    Month="Feb"
}

@Article{gentleman2004bioconductor,
    Author="Gentleman, R. C.  and Carey, V. J.  and Bates, D. M.  and Bolstad, B.  and Dettling, M.  and Dudoit, S.  and Ellis, B.  and Gautier, L.  and Ge, Y.  and Gentry, J.  and Hornik, K.  and Hothorn, T.  and Huber, W.  and Iacus, S.  and Irizarry, R.  and Leisch, F.  and Li, C.  and Maechler, M.  and Rossini, A. J.  and Sawitzki, G.  and Smith, C.  and Smyth, G.  and Tierney, L.  and Yang, J. Y.  and Zhang, J. ",
    Title="{{B}ioconductor: open software development for computational biology and bioinformatics}",
    Journal="Genome Biol.",
    Year="2004",
    Volume="5",
    Number="10",
    Pages="R80"
}

@Article{eddelbuettel2011seamless,
    title = {{Rcpp}: Seamless {R} and {C++} Integration},
    author = {Dirk Eddelbuettel and Romain Fran\c{c}ois},
    journal = {Journal of Statistical Software},
    year = {2011},
    volume = {40},
    number = {8},
    pages = {1--18},
    url = {http://www.jstatsoft.org/v40/i08/},
}

@Manual{bates2017matrix,
    title = {Matrix: Sparse and Dense Matrix Classes and Methods},
    author = {Douglas Bates and Martin Maechler},
    year = {2017},
    note = {R package version 1.2-10},
    url = {https://CRAN.R-project.org/package=Matrix},
}

@Article{kane2013scalable,
    title = {Scalable Strategies for Computing with Massive Data},
    author = {Michael J. Kane and John Emerson and Stephen Weston},
    journal = {Journal of Statistical Software},
    year = {2013},
    volume = {55},
    number = {14},
    pages = {1--19},
    url = {http://www.jstatsoft.org/v55/i14/},
}

@Article{grun2015design,
    Author="Grun, D.  and van Oudenaarden, A. ",
    Title="{{D}esign and {A}nalysis of {S}ingle-{C}ell {S}equencing {E}xperiments}",
    Journal="Cell",
    Year="2015",
    Volume="163",
    Number="4",
    Pages="799--810",
    Month="Nov"
}

@Article{eddelbuettel2014arma,
    title = {RcppArmadillo: Accelerating R with high-performance C++ linear algebra},
    author = {Dirk Eddelbuettel and Conrad Sanderson},
    journal = {Computational Statistics and Data Analysis},
    year = {2014},
    volume = {71},
    month = {March},
    pages = {1054--1063},
    url = {http://dx.doi.org/10.1016/j.csda.2013.02.005},
}

@ONLINE{hdf5,
    author = {{The HDF Group}},
    title = "{Hierarchical Data Format, version 5}",
    year = {1997-2017},
    note = {http://www.hdfgroup.org/HDF5/}
}

@Article{zeisel2015brain,
   Author="Zeisel, A.  and Munoz-Manchado, A. B.  and Codeluppi, S.  and Lonnerberg, P.  and La Manno, G.  and Jureus, A.  and Marques, S.  and Munguba, H.  and He, L.  and Betsholtz, C.  and Rolny, C.  and Castelo-Branco, G.  and Hjerling-Leffler, J.  and Linnarsson, S. ",
   Title="{{B}rain structure. {C}ell types in the mouse cortex and hippocampus revealed by single-cell {R}{N}{A}-seq}",
   Journal="Science",
   Year="2015",
   Volume="347",
   Number="6226",
   Pages="1138--1142",
   Month="Mar"
}

@techreport{hdf5chunk,
    author = {{The HDF Group}},
    title = "{Improving HDF5 compression performance}",
    year = 2015,
    institution= {{The HDF Group}},
    note = {https://support.hdfgroup.org/HDF5/doc/ADGuide/TechNote-HDF5-ImprovingCompressionPerformance.pdf} 
}

@Article{mccarthy2017scater,
    Author="McCarthy, D. J.  and Campbell, K. R.  and Lun, A. T.  and Wills, Q. F. ",
    Title="{{S}cater: pre-processing, quality control, normalization and visualization of single-cell {R}{N}{A}-seq data in {R}}",
    Journal="Bioinformatics",
    Year="2017",
    Volume="33",
    Number="8",
    Pages="1179--1186",
    Month="Apr"
}

@Article{lun2016stepbystep,
    Author="Lun, A. T.  and McCarthy, D. J.  and Marioni, J. C. ",
    Title="{{A} step-by-step workflow for low-level analysis of single-cell {R}{N}{A}-seq data with {B}ioconductor}",
    Journal="F1000Res",
    Year="2016",
    Volume="5",
    Pages="2122"
}

@Article{robinson2010scaling,
    Author="Robinson, M. D.  and Oshlack, A. ",
    Title="{{A} scaling normalization method for differential expression analysis of {R}{N}{A}-seq data}",
    Journal="Genome Biol.",
    Year="2010",
    Volume="11",
    Number="3",
    Pages="R25"
}

@Article{lun2016pooling,,
    Author="Lun, A. T.  and Bach, K.  and Marioni, J. C. ",
    Title="{{P}ooling across cells to normalize single-cell {R}{N}{A} sequencing data with many zero counts}",
    Journal="Genome Biol.",
    Year="2016",
    Volume="17",
    Pages="75",
    Month="Apr"
}

@Article{scialdone2015computational,
    Author="Scialdone, A.  and Natarajan, K. N.  and Saraiva, L. R.  and Proserpio, V.  and Teichmann, S. A.  and Stegle, O.  and Marioni, J. C.  and Buettner, F. ",
    Title="{{C}omputational assignment of cell-cycle stage from single-cell transcriptome data}",
    Journal="Methods",
    Year="2015",
    Volume="85",
    Pages="54--61",
    Month="Sep"
}

